<record><leader>00000cas a22000007a 4500</leader><controlfield tag="001">16068663</controlfield><controlfield tag="008">870624d18821885inuwr ne      0    0eng d</controlfield><controlfield tag="009">5452</controlfield><datafield ind1=" " ind2=" " tag="010"><subfield code="a">sn 87056279 </subfield></datafield><datafield ind1=" " ind2=" " tag="040"><subfield code="a">NPI</subfield><subfield code="b">eng</subfield><subfield code="c">NPI</subfield><subfield code="d">OCLCQ</subfield><subfield code="d">NPI</subfield></datafield><datafield ind1=" " ind2=" " tag="042"><subfield code="a">msc</subfield></datafield><datafield ind1="0" ind2="0" tag="245"><subfield code="a">Michigan City weekly dispatch.</subfield></datafield><datafield ind1=" " ind2=" " tag="260"><subfield code="a">Michigan City, Ind. :</subfield><subfield code="b">Harry H. Francis,</subfield><subfield code="c">1882-1885.</subfield></datafield><datafield ind1=" " ind2=" " tag="310"><subfield code="a">Weekly</subfield></datafield><datafield ind1="0" ind2=" " tag="362"><subfield code="a">Vol. 3, no. 30 (Mar. 30, 1882)-v. 6, no. 34 (Apr. 23, 1885).</subfield></datafield><datafield ind1=" " ind2=" " tag="580"><subfield code="a">Also published in a daily ed. called: The Evening dispatch.</subfield></datafield><datafield ind1=" " ind2=" " tag="752"><subfield code="a">United States</subfield><subfield code="b">Indiana</subfield><subfield code="c">LaPorte</subfield><subfield code="d">Michigan City.</subfield></datafield><datafield ind1="1" ind2=" " tag="775"><subfield code="t">Evening dispatch (Michigan City, Ind.)</subfield><subfield code="w">(DLC)sn 87056275</subfield></datafield><datafield ind1="0" ind2="0" tag="780"><subfield code="t">Michigan City dispatch (Michigan City, Ind. : 1879)</subfield><subfield code="w">(DLC)sn 87056278</subfield></datafield><datafield ind1="0" ind2="0" tag="785"><subfield code="t">Michigan City dispatch (Michigan City, Ind. : 1885)</subfield><subfield code="w">(DLC)sn 86063056</subfield></datafield></record>